@misc{anthonyAnswerHowDoes2015,
  title = {"{{How}} Does the Formula for Generating Correlated Random Variables Work?"},
  shorttitle = {Answer to "{{How}} Does the Formula for Generating Correlated Random Variables Work?},
  author = {Anthony},
  year = {2015},
  month = mar,
  journal = {Cross Validated},
  file = {/Users/massimosotgia/Zotero/storage/MRJG7YJR/how-does-the-formula-for-generating-correlated-random-variables-work.html}
}

@article{kaiserSamplePopulationScore1962,
  title = {Sample and Population Score Matrices and Sample Correlation Matrices from an Arbitrary Population Correlation Matrix},
  author = {Kaiser, Henry F. and Dickman, Kern},
  year = {1962},
  month = jun,
  journal = {Psychometrika},
  volume = {27},
  number = {2},
  pages = {179--182},
  issn = {0033-3123, 1860-0980},
  doi = {10.1007/BF02289635},
  langid = {english},
  annotation = {111 citations (Crossref) [2022-11-24]},
  file = {/Users/massimosotgia/Zotero/storage/H5MG9LS4/Kaiser and Dickman - 1962 - Sample and population score matrices and sample co.pdf}
}

@misc{sobolevAnswerHowDoes2015,
  title = {"{{How}} Does the Formula for Generating Correlated Random Variables Work?"},
  shorttitle = {Answer to "{{How}} Does the Formula for Generating Correlated Random Variables Work?},
  author = {Sobolev, Artem},
  year = {2015},
  month = mar,
  journal = {Cross Validated},
  file = {/Users/massimosotgia/Zotero/storage/3RXND9PT/how-does-the-formula-for-generating-correlated-random-variables-work.html}
}

